<?xml version="1.0" encoding="UTF-8"?>
<record xmlns="http://www.loc.gov/MARC21/slim"
        xmlns:oclcterms="http://purl.org/oclc/terms/"
        xmlns:dc="http://purl.org/dc/elements/1.1/"
        xmlns:diag="http://www.loc.gov/zing/srw/diagnostic/"
        xmlns:xsi="http://www.w3.org/2001/XMLSchema-instance">
   <leader>00000cam a2200000 a 4500</leader>
   <controlfield tag="001">30724368</controlfield>
   <controlfield tag="008">940708s1994 dcua b f000 0 eng d</controlfield>
   <datafield ind1=" " ind2=" " tag="010">
      <subfield code="a"> 94190834 </subfield>
   </datafield>
   <datafield ind1=" " ind2=" " tag="040">
      <subfield code="a">OU</subfield>
      <subfield code="b">eng</subfield>
      <subfield code="c">DLC</subfield>
      <subfield code="d">OSU</subfield>
      <subfield code="d">BTCTA</subfield>
      <subfield code="d">EUW</subfield>
      <subfield code="d">OCLCA</subfield>
      <subfield code="d">OCLCF</subfield>
      <subfield code="d">OCLCQ</subfield>
      <subfield code="d">OCLCA</subfield>
      <subfield code="d">OCLCQ</subfield>
      <subfield code="d">OCLCA</subfield>
   </datafield>
   <datafield ind1="1" ind2=" " tag="029">
      <subfield code="a">AU@</subfield>
      <subfield code="b">000011214863</subfield>
   </datafield>
   <datafield ind1="1" ind2=" " tag="029">
      <subfield code="a">NLGGC</subfield>
      <subfield code="b">249037394</subfield>
   </datafield>
   <datafield ind1=" " ind2=" " tag="042">
      <subfield code="a">lccopycat</subfield>
   </datafield>
   <datafield ind1="0" ind2="0" tag="050">
      <subfield code="a">HD1751</subfield>
      <subfield code="b">.A91854 no. 687</subfield>
   </datafield>
   <datafield ind1="1" ind2=" " tag="100">
      <subfield code="a">Caswell, Margriet F.</subfield>
   </datafield>
   <datafield ind1="1" ind2="0" tag="245">
      <subfield code="a">Agricultural biotechnology :</subfield>
      <subfield code="b">an economic perspective /</subfield>
      <subfield code="c">Margriet F. Caswell, Keith O. Fuglie, Cassandra A. Klotz.</subfield>
   </datafield>
   <datafield ind1=" " ind2=" " tag="260">
      <subfield code="a">Washington, DC :</subfield>
      <subfield code="b">U.S. Dept. of Agriculture, Economic Research Service ;</subfield>
      <subfield code="a">Herndon, VA :</subfield>
      <subfield code="b">ERS-NASS [distributor],</subfield>
      <subfield code="c">[1994]</subfield>
   </datafield>
   <datafield ind1=" " ind2=" " tag="300">
      <subfield code="a">iv, 52 pages :</subfield>
      <subfield code="b">illustrations ;</subfield>
      <subfield code="c">28 cm.</subfield>
   </datafield>
   <datafield ind1=" " ind2=" " tag="336">
      <subfield code="a">text</subfield>
      <subfield code="b">txt</subfield>
      <subfield code="2">rdacontent</subfield>
   </datafield>
   <datafield ind1=" " ind2=" " tag="337">
      <subfield code="a">unmediated</subfield>
      <subfield code="b">n</subfield>
      <subfield code="2">rdamedia</subfield>
   </datafield>
   <datafield ind1=" " ind2=" " tag="338">
      <subfield code="a">volume</subfield>
      <subfield code="b">nc</subfield>
      <subfield code="2">rdacarrier</subfield>
   </datafield>
   <datafield ind1="1" ind2=" " tag="490">
      <subfield code="a">Agricultural economic report ;</subfield>
      <subfield code="v">no. 687</subfield>
   </datafield>
   <datafield ind1=" " ind2=" " tag="500">
      <subfield code="a">Cover title.</subfield>
   </datafield>
   <datafield ind1=" " ind2=" " tag="504">
      <subfield code="a">Includes bibliographical references (pages 44-52).</subfield>
   </datafield>
   <datafield ind1=" " ind2="0" tag="650">
      <subfield code="a">Agricultural biotechnology</subfield>
      <subfield code="x">Economic aspects.</subfield>
   </datafield>
   <datafield ind1=" " ind2="0" tag="650">
      <subfield code="a">Agricultural biotechnology</subfield>
      <subfield code="x">Social aspects.</subfield>
   </datafield>
   <datafield ind1=" " ind2="7" tag="650">
      <subfield code="a">Agricultural biotechnology</subfield>
      <subfield code="x">Economic aspects.</subfield>
      <subfield code="2">fast</subfield>
      <subfield code="0">(OCoLC)fst00800503</subfield>
   </datafield>
   <datafield ind1=" " ind2="7" tag="650">
      <subfield code="a">Agricultural biotechnology</subfield>
      <subfield code="x">Social aspects.</subfield>
      <subfield code="2">fast</subfield>
      <subfield code="0">(OCoLC)fst00800515</subfield>
   </datafield>
   <datafield ind1=" " ind2="7" tag="655">
      <subfield code="a">Pamphlets.</subfield>
      <subfield code="2">gmgpc</subfield>
   </datafield>
   <datafield ind1="1" ind2=" " tag="700">
      <subfield code="a">Fuglie, Keith Owen.</subfield>
   </datafield>
   <datafield ind1="1" ind2=" " tag="700">
      <subfield code="a">Klotz, Cassandra A.</subfield>
   </datafield>
   <datafield ind1="1" ind2=" " tag="710">
      <subfield code="a">United States.</subfield>
      <subfield code="b">Department of Agriculture.</subfield>
      <subfield code="b">Economic Research Service.</subfield>
   </datafield>
   <datafield ind1=" " ind2="0" tag="830">
      <subfield code="a">Agricultural economic report ;</subfield>
      <subfield code="v">no. 687.</subfield>
   </datafield>
   <datafield ind1=" " ind2=" " tag="938">
      <subfield code="a">Baker and Taylor</subfield>
      <subfield code="b">BTCP</subfield>
      <subfield code="n">94190834</subfield>
   </datafield>
</record>
